<collection>
<record>
<leader>04676cpcaa22006857i 4500</leader>
<controlfield tag="001">18279986</controlfield>
<controlfield tag="005">20240306115528.0</controlfield>
<controlfield tag="008">140826i19302004xxu eng </controlfield>
<datafield ind1=" " ind2=" " tag="906">
<subfield code="a">7</subfield>
<subfield code="b">cbc</subfield>
<subfield code="c">orignew</subfield>
<subfield code="d">u</subfield>
<subfield code="e">ncip</subfield>
<subfield code="f">20</subfield>
<subfield code="g">y-folklife</subfield>
</datafield>
<datafield ind1=" " ind2=" " tag="955">
<subfield code="a">mkru 2014-08-26</subfield>
<subfield code="a">mkru 2018-10-31</subfield>
<subfield code="a">mseg 2023-10-30</subfield>
<subfield code="a">mseg 2023-11-14</subfield>
<subfield code="a">mseg 2024-01-30</subfield>
<subfield code="a">masmit 2024-02-20</subfield>
<subfield code="a">masmit 2024-02-27</subfield>
<subfield code="a">mseg 2024-03-06</subfield>
</datafield>
<datafield ind1=" " ind2=" " tag="010">
<subfield code="a"> 2014655371</subfield>
</datafield>
<datafield ind1=" " ind2=" " tag="040">
<subfield code="a">DLC</subfield>
<subfield code="b">eng</subfield>
<subfield code="e">dacs</subfield>
<subfield code="c">DLC</subfield>
<subfield code="d">DLC</subfield>
</datafield>
<datafield ind1=" " ind2=" " tag="043">
<subfield code="a">n-us---</subfield>
</datafield>
<datafield ind1=" " ind2=" " tag="090">
<subfield code="a">AFC 2004/008</subfield>
</datafield>
<datafield ind1="0" ind2="0" tag="245">
<subfield code="a">Herbert Halpert collection,</subfield>
<subfield code="f">1930-2004,</subfield>
<subfield code="g">bulk 1936-1955.</subfield>
</datafield>
<datafield ind1=" " ind2=" " tag="300">
<subfield code="3">whole collection</subfield>
<subfield code="a">approximately 27,812</subfield>
<subfield code="f">items</subfield>
</datafield>
<datafield ind1=" " ind2=" " tag="300">
<subfield code="3">whole collection</subfield>
<subfield code="a">80</subfield>
<subfield code="f">containers</subfield>
</datafield>
<datafield ind1=" " ind2=" " tag="300">
<subfield code="3">whole collection</subfield>
<subfield code="a">approximately 34</subfield>
<subfield code="f">linear feet</subfield>
</datafield>
<datafield ind1=" " ind2=" " tag="300">
<subfield code="3">sound recordings</subfield>
<subfield code="a">174 sound discs (aluminum) :</subfield>
<subfield code="b">analog ;</subfield>
<subfield code="c">various sizes, 10 in., 12 in., 16 in.</subfield>
</datafield>
<datafield ind1=" " ind2=" " tag="300">
<subfield code="3">sound recordings</subfield>
<subfield code="a">138 sound discs (acetate) :</subfield>
<subfield code="b">analog ;</subfield>
<subfield code="c">12 in.</subfield>
</datafield>
<datafield ind1=" " ind2=" " tag="300">
<subfield code="3">graphic materials</subfield>
<subfield code="a">227 photographs :</subfield>
<subfield code="b">film, negatives, black and white ; various sizes.</subfield>
</datafield>
<datafield ind1=" " ind2=" " tag="300">
<subfield code="3">graphic materials</subfield>
<subfield code="a">396 photographs :</subfield>
<subfield code="b">prints, black and white ; various sizes.</subfield>
</datafield>
<datafield ind1=" " ind2=" " tag="300">
<subfield code="3">graphic materials</subfield>
<subfield code="a">1 photograph :</subfield>
<subfield code="b">print, color ; approximately 4 in. x 4 in.</subfield>
</datafield>
<datafield ind1=" " ind2=" " tag="300">
<subfield code="3">manuscripts</subfield>
<subfield code="a">approximately 26,876</subfield>
<subfield code="f">sheets</subfield>
</datafield>
<datafield ind1=" " ind2=" " tag="520">
<subfield code="a">
Sound recordings, correspondence, indexes, manuscripts, research notes, music transcriptions, photographs and photographic negatives, newspaper clippings, student papers, ephemera and other materials primarily representing the documentation and analysis of the folklore of regions of New York; New Jersey, particularly the New Jersey Pinelands region; Kentucky; Pennsylvania; Indiana; and Alaska by folklorist Herbert Halpert from the 1930s to 1950s. Includes publications edited by Herbert Halpert issued by the National Service Bureau of the WPA Federal Theater Project in New York City. Topics of Halpert's research included folk songs, folk belief, tales, legends, customs, and folklife. Includes photographs of interviewees and landscapes from the 1930s.
</subfield>
</datafield>
<datafield ind1="8" ind2=" " tag="524">
<subfield code="a">
Herbert Halpert collection (AFC 2004/008), American Folklife Center, Library of Congress, Washington, D.C.
</subfield>
</datafield>
<datafield ind1="0" ind2=" " tag="506">
<subfield code="a">
Collection is open for research. To request materials, please contact the Folklife Reading Room at
</subfield>
<subfield code="u">https://hdl.loc.gov/loc.afc/folklife.contact</subfield>
</datafield>
<datafield ind1=" " ind2=" " tag="540">
<subfield code="a">
Duplication of collection materials may be governed by copyright and other restrictions.
</subfield>
</datafield>
<datafield ind1=" " ind2=" " tag="541">
<subfield code="a">Violetta M. Halpert;</subfield>
<subfield code="c">Donation;</subfield>
<subfield code="d">2004.</subfield>
</datafield>
<datafield ind1=" " ind2=" " tag="545">
<subfield code="a">
Herbert Halpert was born in New York City, August 23, 1911. He studied folklore and anthropology for his M.A. from Columbia University. During the New Deal he recorded extensive collections of folk music, songs, and tales in New York, New Jersey, Pennsylvania, and across the South for the Federal Theatre Project, the Joint Committee on Folk Arts of the Works Projects Administration (WPA), and the Library of Congress. He received his Ph.D. from Indiana University in 1942. He founded the Memorial University of Newfoundland Folklore and Language Archive (MUNFLA), and taught at the University for many years. Halpert died December 29, 2000.
</subfield>
</datafield>
<datafield ind1=" " ind2=" " tag="546">
<subfield code="a">In English.</subfield>
</datafield>
<datafield ind1="0" ind2=" " tag="555">
<subfield code="a">Finding aid is available online</subfield>
<subfield code="u">https://hdl.loc.gov/loc.afc/eadafc.af023007</subfield>
</datafield>
<datafield ind1="1" ind2="0" tag="600">
<subfield code="a">Halpert, Herbert,</subfield>
<subfield code="d">1911-2000</subfield>
<subfield code="x">Ethnomusicological collections.</subfield>
</datafield>
<datafield ind1="1" ind2="0" tag="600">
<subfield code="a">Halpert, Herbert,</subfield>
<subfield code="d">1911-2000</subfield>
<subfield code="v">Correspondence.</subfield>
</datafield>
<datafield ind1="2" ind2="0" tag="610">
<subfield code="a">Federal Theatre Project (New York, N.Y.)</subfield>
</datafield>
<datafield ind1=" " ind2="0" tag="650">
<subfield code="a">Folk music</subfield>
<subfield code="z">United States.</subfield>
</datafield>
<datafield ind1=" " ind2="0" tag="650">
<subfield code="a">Folk songs, English</subfield>
<subfield code="z">United States.</subfield>
</datafield>
<datafield ind1=" " ind2="0" tag="650">
<subfield code="a">Folklorists</subfield>
<subfield code="z">United States</subfield>
<subfield code="v">Correspondence.</subfield>
</datafield>
<datafield ind1=" " ind2="0" tag="650">
<subfield code="a">Folklore</subfield>
<subfield code="z">United States.</subfield>
</datafield>
<datafield ind1=" " ind2="0" tag="650">
<subfield code="a">Tales</subfield>
<subfield code="z">New Jersey</subfield>
<subfield code="z">Pine Barrens.</subfield>
</datafield>
<datafield ind1=" " ind2="0" tag="651">
<subfield code="a">Alaska</subfield>
<subfield code="x">Folklore.</subfield>
</datafield>
<datafield ind1=" " ind2="0" tag="651">
<subfield code="a">Indiana</subfield>
<subfield code="x">Folklore.</subfield>
</datafield>
<datafield ind1=" " ind2="0" tag="651">
<subfield code="a">Middle Atlantic States</subfield>
<subfield code="x">Folklore.</subfield>
</datafield>
<datafield ind1=" " ind2="0" tag="651">
<subfield code="a">New Jersey</subfield>
<subfield code="x">Folklore.</subfield>
</datafield>
<datafield ind1=" " ind2="0" tag="651">
<subfield code="a">New York (State)</subfield>
<subfield code="x">Folklore.</subfield>
</datafield>
<datafield ind1=" " ind2="0" tag="651">
<subfield code="a">Southern States</subfield>
<subfield code="x">Folklore.</subfield>
</datafield>
<datafield ind1=" " ind2="7" tag="655">
<subfield code="a">Interviews.</subfield>
<subfield code="2">lcgft</subfield>
</datafield>
<datafield ind1=" " ind2="7" tag="655">
<subfield code="a">Oral histories.</subfield>
<subfield code="2">lcgft</subfield>
</datafield>
<datafield ind1=" " ind2="7" tag="655">
<subfield code="a">Photographs.</subfield>
<subfield code="2">lcgft</subfield>
</datafield>
<datafield ind1=" " ind2="7" tag="655">
<subfield code="a">Correspondence.</subfield>
<subfield code="2">gmgpc</subfield>
</datafield>
<datafield ind1=" " ind2="7" tag="655">
<subfield code="a">Field notes.</subfield>
<subfield code="2">lcgft</subfield>
</datafield>
<datafield ind1=" " ind2="7" tag="655">
<subfield code="a">Folk tales.</subfield>
<subfield code="2">lcgft</subfield>
</datafield>
<datafield ind1="1" ind2=" " tag="700">
<subfield code="a">Bowden, Morner,</subfield>
<subfield code="d">1883-1961,</subfield>
<subfield code="e">performer.</subfield>
</datafield>
<datafield ind1="1" ind2=" " tag="700">
<subfield code="a">Halpert, Herbert,</subfield>
<subfield code="d">1911-2000,</subfield>
<subfield code="e">collector.</subfield>
</datafield>
<datafield ind1="1" ind2=" " tag="700">
<subfield code="a">Halpert, Violetta M.,</subfield>
<subfield code="e">collector,</subfield>
<subfield code="e">donor.</subfield>
</datafield>
<datafield ind1="1" ind2=" " tag="700">
<subfield code="a">Trout, Allan M.,</subfield>
<subfield code="d">1903-1972,</subfield>
<subfield code="e">author.</subfield>
</datafield>
<datafield ind1=" " ind2=" " tag="852">
<subfield code="a">Library of Congress</subfield>
<subfield code="b">American Folklife Center,</subfield>
<subfield code="e">
101 Independence Ave. S.E., Washington, DC USA 20540-4610
</subfield>
<subfield code="u">https://hdl.loc.gov/loc.afc/folklife.home</subfield>
</datafield>
<datafield ind1="4" ind2="2" tag="856">
<subfield code="3">Finding aid</subfield>
<subfield code="u">https://hdl.loc.gov/loc.afc/eadafc.af023007</subfield>
</datafield>
<datafield ind1=" " ind2=" " tag="985">
<subfield code="a">afc/coll</subfield>
</datafield>
<datafield ind1=" " ind2=" " tag="985">
<subfield code="a">afc/ead</subfield>
</datafield>
</record>
</collection>